@MISC{atlasHP,
	title = "Official Homepage of ATLAS",
	year = "2016",
	howpublished = {URL \url{http://www.atlas.ch}},
  	note = {Accessed: 2016-02-15},
  	key = "ATLAS"
}

@techreport{atlasNote,
      title         = "{Evidence for Higgs Boson Decays to the $\tau^+\tau^-$ Final State with the ATLAS Detector}",
      institution   = "CERN",
      address       = "Geneva",
      number        = "ATLAS-CONF-2013-108",
      month         = "Nov",
      year          = "2013",
      reportNumber  = "ATLAS-CONF-2013-108",
      note  = {URL \url{http://cds.cern.ch/record/1632191}},
}

@phdthesis{howard,
      author        = "Howard, Jacob and Hays, Christopher",
      title         = "{Measurements of the Higgs Boson in the
                       $H\rightarrow\tau\tau$ Decay Channel}",
      school        = "Oxford  U.",
      month         = "Feb",
      year          = "2015",
      reportNumber  = "CERN-THESIS-2015-067",
      url           = "http://cds.cern.ch/record/2025641",
      note          = "Presented 27 Mar 2015",
}

@MISC{gradboost,
	title = "A Gentle Introduction to Gradient Boosting",
	author = "Cheng Li",
	howpublished = {URL \url{http://www.ccs.neu.edu/home/vip/teach/MLcourse/4_boosting/slides/gradient_boosting.pdf}},
  	note = {Accessed: 2016-03-02},
  	key = "gradboost"
}

@MISC{xgbdoc,
	title = "XGBoost Documentation",
	year = "2016",
	howpublished = {URL \url{http://xgboost.readthedocs.org/en/latest/}},
  	note = {Accessed: 2016-02-21},
  	key = "XGBoost"
}

@MISC{xgbgit,
	title = "XGBoost Demo Readme",
	year = "2016",
	howpublished = {URL \url{https://github.com/tqchen/xgboost/blob/master/demo/README.md
}},
  	note = {Accessed: 2016-02-21},
  	key = "XGBoost"
}

@MISC{cernHP,
	title = "Official Homepage of CERN",
	year = "2016",
	howpublished = {URL \url{http://www.cern.ch}},
  	note = {Accessed: 2016-02-15},
  	key = "CERN"
}

@unpublished{harmeling18,
	AUTHOR = "Stefan Harmeling",
	TITLE =	"Machine Learning Lecture 18: Neural networks continued",
	YEAR =	"2014",
	MONTH = "December",
	pages = "4",
	annote = {howpublished = {URL \url{https://dl.dropboxusercontent.com/u/8313162/2014-WS-Machine-Learning/slides18.pdf}},
  	note = {Accessed: 2016-02-17}},
	Key = "Harmeling"
}

@MISC{higgsPaper,
	AUTHOR =	"Claire Adam-Bourdarios and Glen Cowan and Cécile Germain and Isabelle Guyon and Balázs Kégl and David Rousseau",
	TITLE =		" Learning to discover: the Higgs boson
machine learning challenge.",
	YEAR =		"2015",
	MONTH = 	"January",
	howpublished = {URL \url{http://opendata.cern.ch/record/329}},
	NOTE =		"Version 2.3",
	Key = "Higgs Documentation"
}

@MISC{higgsData,
  title = "Dataset from the ATLAS Higgs Boson Machine Learning Challenge 2014",
  year = "2015",
  howpublished = {URL \url{http://opendata.cern.ch/record/328}},
  note = {Accessed: 2015-12-10},
  key = "Higgs Dataset"
}

@MISC{higgsSoftware,
	title = "Software examples for the ATLAS Higgs Learning Challenge 2014",
	year = "2015",
	howpublished = {URL \url{http://opendata.cern.ch/record/331}},
  	note = {Accessed: 2015-12-10},
}

@booklet{california,
	AUTHOR = "Jocelyn Perez and Ravi Ponmalai and Alex Silver and Dacoda Strack",
	YEAR = "2014",
	title = "ML2014: Higgs Boson Machine Learning
Challenge",
	howpublished = {URL \url{http://www.http://opendata.cern.ch/record/331}},
  	note = {Accessed: 2015-12-10}
}

@MISC{blog,
	TITLE = "Winning solution of Kaggle Higgs competition: what a single model can do?",
	year = "2014",
	howpublished = {URL \url{https://no2147483647.wordpress.com/2014/09/17/winning-solution-of-kaggle-higgs-competition-what-a-single-model-can-do/}},
	note = {Accessed: 2016-02-13},
	key = "winblog"
}

@MISC{hebert,
	TITLE = "Kaggle Higgs Classification Challenge Leaderboard Analysis",
	Author = "Jeff Hebert",
	year = "2014",
	howpublished = {URL \url{http://rpubs.com/jeff-hebert/Higgs}},
	note = {Accessed: 2016-02-23},
	key = "hebert"
}

@MISC{keglblog,
	TITLE = "What is wrong with data challenges",
	AUTHOR = "Balázs Kégl",
	year = "2015",
	month = "December",
	howpublished = {URL \url{https://medium.com/@balazskegl/what-is-wrong-with-data-challenges-ed1f34246d44#.bg3zawx79}},
	note = {Accessed: 2016-02-24},
	key = "keglblog"
}

@MISC{higgsChallenge,
	TITLE = "Higgs Boson Machine Learning Challenge",
	year = "2015",
	howpublished = {URL \url{https://www.kaggle.com/c/higgs-boson}},
	note = {Accessed: 2016-01-03},
	key = "Higgs Website"
}

@MISC{kaggle,
  title = "Kaggle Homepage",
  year = "2016",
  howpublished = {URL \url{https://www.kaggle.com}},
  note = {Accessed: 2016-02-16},
  key = "kaggle"
}

@MISC{kaggleForum1,
  title = "Kaggle Forum: Big differences between Public and Private Leaderboard",
  year = "2014",
  howpublished = {URL \url{https://www.kaggle.com/c/higgs-boson/forums/t/10346/big-differences-between-public-and-private-leaderboard}},
  note = {Accessed: 2016-02-20},
  key = "kaggleforum1"
}

@MISC{kaggleForum2,
  title = "Kaggle Forum: Quantifying Leaderboard Shake-up",
  year = "2014",
  howpublished = {URL \url{https://www.kaggle.com/c/higgs-boson/forums/t/10320/quantifying-leaderboard-shake-up}},
  note = {Accessed: 2016-02-20},
  key = "kaggleforum2"
}

@MISC{kaggleForum3,
  title = "Kaggle Forum: Has anyone tried the support vector machine for this problem?",
  year = "2014",
  howpublished = {URL \url{https://www.kaggle.com/c/higgs-boson/forums/t/10165/has-anyone-tried-the-support-vector-machine-for-this-problem}},
  note = {Accessed: 2016-02-22},
  key = "kaggleforum3"
}

@article{cdl2,
  title = "Coordinate Descent Method for Large-scale L2-loss Linear Support Vector Machines",
  year = "2008",
  journal = "Journal of Machine Learning Research",
  month = "july",
  number = "9",
  pages = "1369-1398",
  Author = "Kai-Wei Chang and Cho-Jui Hsieh and Chih-Jen Lin",
  howpublished = {URL \url{http://www.csie.ntu.edu.tw/~cjlin/papers/cdl2.pdf}},
  note = {Accessed: 2016-02-11}
}

@MISC{melis-1st,
	TITLE = "Winning Model Documentation",
	AUTHOR = "Gábor Melis",
	year = "2014",
	howpublished = {URL \url{https://github.com/melisgl/higgsml/blob/master/doc/model.md}},
	note = {Accessed: 2016-02-08},
	key = "Gabor Melis"
}

@MISC{salimans-2nd,
	TITLE = "2nd Place Documentation - HiggsML",
	AUTHOR = "Tim Salimans",
	year = "2014",
	howpublished = {URL \url{https://github.com/TimSalimans/HiggsML}},
	note = {Accessed: 2016-02-08},
	key = "Tim Salimans"
}

@MISC{courtiol-3rd,
	TITLE = "Third place Model Documentation",
	AUTHOR = "Pierre Courtiol",
	year = "2014",
	howpublished = {URL \url{https://www.kaggle.com/c/higgs-boson/forums/t/10481/third-place-model-documentation/55390#post55390}},
	note = {Accessed: 2016-02-08},
	key = "Pierre Courtiol"
}

@MISC{sklearn,
  title = "scikit-learn Homepage",
  year = "2016",
  howpublished = {URL \url{http://scikit-learn.org/stable/index.html}},
  note = {Accessed: 2016-02-03},
  key = "scikit-learn"
}

@MISC{sklearngit,
  title = "scikit-learn on Github",
  year = "2016",
  howpublished = {URL \url{https://github.com/scikit-learn/scikit-learn}},
  note = {Accessed: 2016-02-03},
  key = "scikit-learn-git"
}

@MISC{sklearnhistory,
  title = "scikit-learn Version-History",
  year = "2016",
  howpublished = {URL \url{http://scikit-learn.org/stable/whats_new.html}},
  note = {Accessed: 2016-02-03},
  key = "scikit-learn-history"
}


@PROCEEDINGS{HEPml,
	TITLE = "NIPS 2014 Workshop on High-energy Physics and Machine Learning",
	YEAR = "2015",
	EDITOR = "Glen Cowan and Cécile Germain and Isabelle Guyon and Balàzs Kégl and David Rousseau",
	ORGANIZATION = "CERN, CRNS",
	NOTE =  {{URL \url{http://jmlr.csail.mit.edu/proceedings/papers/v42/edit14b.pdf}}, Accessed: 2016-02-09}
	}
	
@INPROCEEDINGS{kegl14,
	TITLE = "Introduction to the HEPml Workshop and the HiggsML Challenge",
	YEAR = "2014",
	AUTHOR = "Balázs Kégl",
	BOOKTITLE = "NIPS 2014 Workshop on High-energy Physics and Machine Learning",
	SERIES = "JMLR: Workshop and Conference Proceedings",
	NOTE = {{URL \url{https://indico.lal.in2p3.fr/event/2632/session/0/contribution/1/material/slides/0.pdf}}, Accessed: 2016-01-18},
	}
	
@INPROCEEDINGS{chen14,
	TITLE = "Higgs Boson Discovery with Boosted Trees",
	YEAR = "2015",
	AUTHOR = "Tianqi Chen and Tong He",
	BOOKTITLE = "NIPS 2014 Workshop on High-energy Physics and Machine Learning",
	VOLUME = "42",
	SERIES = "JMLR: Workshop and Conference Proceedings",
	PAGES = "69-80",
	NOTE = {{URL \url{http://jmlr.csail.mit.edu/proceedings/papers/v42/chen14.pdf}}, Accessed: 2016-01-18},
	}

@INPROCEEDINGS{cowa14,
	TITLE = "The Higgs boson machine learning challenge",
	YEAR = "2015",
	AUTHOR = "Claire Adam-Bourdarios and Glen Cowan and Cécile Germain and Isabelle Guyon and Balàzs Kégl and David Rousseau",
	BOOKTITLE = "NIPS 2014 Workshop on High-energy Physics and Machine Learning",
	VOLUME = "42",
	SERIES = "JMLR: Workshop and Conference Proceedings",
	PAGES = "19-55",
	NOTE = {{URL \url{http://jmlr.csail.mit.edu/proceedings/papers/v42/cowa14.pdf}}, Accessed: 2016-02-10},
	}

@INPROCEEDINGS{diaz14,
	TITLE = "Optimization of AMS using Weighted AUC optimized models",
	YEAR = "2015",
	AUTHOR = "Roberto Díaz-Morales and Ángel Navia-Vázquez",
	BOOKTITLE = "NIPS 2014 Workshop on High-energy Physics and Machine Learning",
	VOLUME = "42",
	SERIES = "JMLR: Workshop and Conference Proceedings",
	PAGES = "109-127",
	NOTE = {{URL \url{http://jmlr.csail.mit.edu/proceedings/papers/v42/diaz14.pdf}}, Accessed: 2016-01-18},
	}

@INPROCEEDINGS{glig14,
	TITLE = "Real-time data analysis at the LHC: present and future",
	YEAR = "2015",
	AUTHOR = "Vladimir V. Gligorov",
	BOOKTITLE = "NIPS 2014 Workshop on High-energy Physics and Machine Learning",
	VOLUME = "42",
	SERIES = "JMLR: Workshop and Conference Proceedings",
	PAGES = "1-18",
	NOTE = {{URL \url{http://jmlr.csail.mit.edu/proceedings/papers/v42/glig14.pdf}}, Accessed: 2016-02-15},
	}

@INPROCEEDINGS{meli14,
	TITLE = "Dissecting the Winning Solution of the HiggsML Challenge",
	YEAR = "2015",
	AUTHOR = "Gábor Melis",
	BOOKTITLE = "NIPS 2014 Workshop on High-energy Physics and Machine Learning",
	VOLUME = "42",
	SERIES = "JMLR: Workshop and Conference Proceedings",
	PAGES = "57-67",
	NOTE = {{URL \url{http://jmlr.csail.mit.edu/proceedings/papers/v42/meli14.pdf}}, Accessed: 2016-02-09},
	}

@INPROCEEDINGS{mack14,
	TITLE = "Weighted Classification Cascades for Optimizing Discovery Significance in the HiggsML Challenge",
	YEAR = "2015",
	AUTHOR = "Lester Mackey and Jordan Bryan and Man Yue Mo",
	BOOKTITLE = "NIPS 2014 Workshop on High-energy Physics and Machine Learning",
	VOLUME = "42",
	SERIES = "JMLR: Workshop and Conference Proceedings",
	PAGES = "129-134",
	NOTE = {{URL \url{http://jmlr.csail.mit.edu/proceedings/papers/v42/mack14.pdf}}, Accessed: 2016-02-24},
	}

@INPROCEEDINGS{kotl14,
	TITLE = "Consistent optimization of AMS by logistic loss minimization",
	YEAR = "2015",
	AUTHOR = "Wojciech Kotłowski",
	BOOKTITLE = "NIPS 2014 Workshop on High-energy Physics and Machine Learning",
	VOLUME = "42",
	SERIES = "JMLR: Workshop and Conference Proceedings",
	PAGES = "57-67",
	NOTE = {{URL \url{http://jmlr.csail.mit.edu/proceedings/papers/v42/meli14.pdf}}, Accessed: 2016-02-09},
	}